%% Anticipitaroy

@book{Pezzulo2014,
author = {Pezzulo, Giovanni.},
booktitle = {Kybernetes},
doi = {10.1108/k.2010.06739eae.001},
isbn = {3540877010},
issn = {0368-492X},
number = {5},
pages = {288},
publisher = {Springer},
title = {{The Challenge of Anticipation: A Unifying Framework for the Analysis and Design of Artificial Cognitive Systems}},
volume = {39},
year = {2014},
}



@article{Harnad1990,
doi = {10.1016/0167-2789(90)90087-6},
issn = {0167-2789},
journal = {Physica D: Nonlinear Phenomena},
month = {jun},
number = {1-3},
pages = {335--346},
publisher = {North-Holland},
title = {{The symbol grounding problem}},
url = {https://www.sciencedirect.com/science/article/pii/0167278990900876},
volume = {42},
year = {1990}
}


@incollection{Nadin2016,
  doi = {10.1007/978-3-319-45142-8_9},
  url = {https://doi.org/10.1007/978-3-319-45142-8_9},
  year = {2016},
  month = oct,
  publisher = {Springer International Publishing},
  pages = {147--175},
  author = {Mihai Nadin},
  title = {Anticipation and the Brain},
  booktitle = {Anticipation and Medicine}
}


@book{Meisel2011,
author = {Meisel, Stephan},
doi = {10.1007/978-1-4614-0505-4},
edition = {Operations},
file = {:Users/aryan{\_}mpro/Library/Application Support/Mendeley Desktop/Downloaded/Meisel - 2011 - Anticipatory Optimization for Dynamic Decision Making.pdf:pdf},
isbn = {978-1-4614-0504-7},
mendeley-groups = {Animal {\&} Anticipation},
pages = {182},
title = {{Anticipatory Optimization for Dynamic Decision Making}},
url = {https://books.google.com.br/books?hl=pt-BR{\&}lr={\&}id=Ac5VlByazhcC{\&}oi=fnd{\&}pg=PR3{\&}ots=0yCiBMPbVJ{\&}sig=tDj1iGH6lByNhQvIG12C86YcFg0{\#}v=onepage{\&}q{\&}f=false{\%}0Ahttp://link.springer.com/10.1007/978-1-4614-0505-4},
volume = {51},
year = {2011}
}
